<record xmlns="http://www.loc.gov/MARC21/slim">
   <leader>01778cam a2200469 i 45 0</leader>
   <controlfield tag="001">6756800</controlfield>
   <controlfield tag="003">OCoLC</controlfield>
   <controlfield tag="005">20150126133710.0</controlfield>
   <controlfield tag="008">141003r20152013nyu    d      000 1 eng  </controlfield>
   <datafield ind1=" " ind2=" " tag="010">
      <subfield code="a">  2014038203</subfield>
   </datafield>
   <datafield ind1=" " ind2=" " tag="020">
      <subfield code="a">9780385744416</subfield>
      <subfield code="q">(hardcover)</subfield>
   </datafield>
   <datafield ind1=" " ind2=" " tag="020">
      <subfield code="a">0385744412</subfield>
      <subfield code="q">(hardcover)</subfield>
   </datafield>
   <datafield ind1=" " ind2=" " tag="020">
      <subfield code="a">9780375991653</subfield>
      <subfield code="q">(glb)</subfield>
   </datafield>
   <datafield ind1=" " ind2=" " tag="020">
      <subfield code="a">0375991654</subfield>
      <subfield code="q">(glb)</subfield>
   </datafield>
   <datafield ind1=" " ind2=" " tag="020">
      <subfield code="z">9780385388481</subfield>
      <subfield code="q">(ebook)</subfield>
   </datafield>
   <datafield ind1=" " ind2=" " tag="035">
      <subfield code="a">ocn876882427</subfield>
   </datafield>
   <datafield ind1=" " ind2=" " tag="040">
      <subfield code="a">DLC</subfield>
      <subfield code="b">eng</subfield>
      <subfield code="e">rda</subfield>
      <subfield code="c">DLC</subfield>
      <subfield code="d">YDXCP</subfield>
      <subfield code="d">BTCTA</subfield>
      <subfield code="d">BDX</subfield>
      <subfield code="d">VHP</subfield>
      <subfield code="d">ZHB</subfield>
      <subfield code="d">OI6</subfield>
      <subfield code="d">FOLLT</subfield>
      <subfield code="d">AFMK</subfield>
   </datafield>
   <datafield ind1=" " ind2=" " tag="042">
      <subfield code="a">lcac</subfield>
      <subfield code="a">pcc</subfield>
   </datafield>
   <datafield ind1="0" ind2="0" tag="050">
      <subfield code="a">PZ7.1.K88</subfield>
      <subfield code="b">Mo 2015</subfield>
   </datafield>
   <datafield ind1="0" ind2="0" tag="082">
      <subfield code="a">[Fic]</subfield>
      <subfield code="2">23</subfield>
   </datafield>
   <datafield ind1=" " ind2=" " tag="090">
      <subfield code="a">FIC KUR MON 2015</subfield>
      <subfield code="b">AFMK</subfield>
   </datafield>
   <datafield ind1=" " ind2=" " tag="090">
      <subfield code="a">PZ 7.1 K88 Mo 2015</subfield>
      <subfield code="b">AEU</subfield>
   </datafield>
   <datafield ind1="1" ind2=" " tag="100">
      <subfield code="a">Kurti, Richard,</subfield>
      <subfield code="e">author.</subfield>
   </datafield>
   <datafield ind1="1" ind2="0" tag="245">
      <subfield code="a">Monkey wars /</subfield>
      <subfield code="c">Richard Kurti.</subfield>
   </datafield>
   <datafield ind1=" " ind2=" " tag="250">
      <subfield code="a">First American edition 2015.</subfield>
   </datafield>
   <datafield ind1=" " ind2="1" tag="264">
      <subfield code="a">New York :</subfield>
      <subfield code="b">Delacorte Press,</subfield>
      <subfield code="c">2015.</subfield>
   </datafield>
   <datafield ind1=" " ind2="4" tag="264">
      <subfield code="c">©2013</subfield>
   </datafield>
   <datafield ind1=" " ind2=" " tag="300">
      <subfield code="a">409 pages ; 22 cm</subfield>
   </datafield>
   <datafield ind1=" " ind2=" " tag="336">
      <subfield code="a">text</subfield>
      <subfield code="b">txt</subfield>
      <subfield code="2">rdacontent</subfield>
   </datafield>
   <datafield ind1=" " ind2=" " tag="337">
      <subfield code="a">unmediated</subfield>
      <subfield code="b">n</subfield>
      <subfield code="2">rdamedia</subfield>
   </datafield>
   <datafield ind1=" " ind2=" " tag="338">
      <subfield code="a">volume</subfield>
      <subfield code="b">nc</subfield>
      <subfield code="2">rdacarrier</subfield>
   </datafield>
   <datafield ind1=" " ind2=" " tag="500">
      <subfield code="a">Originally published in the United Kingdom by Walker in 2013.</subfield>
   </datafield>
   <datafield ind1=" " ind2=" " tag="520">
      <subfield code="a">When rhesus monkeys are brutally massacred on the streets of Kolkata by a troop of power hungry langur monkeys, a young langur soldier's life is changed forever.</subfield>
   </datafield>
   <datafield ind1=" " ind2=" " tag="596">
      <subfield code="a">8 41</subfield>
   </datafield>
   <datafield ind1=" " ind2="0" tag="650">
      <subfield code="a">Rhesus monkey</subfield>
      <subfield code="v">Juvenile fiction.</subfield>
   </datafield>
   <datafield ind1=" " ind2="0" tag="650">
      <subfield code="a">Langurs</subfield>
      <subfield code="v">Juvenile fiction.</subfield>
   </datafield>
   <datafield ind1=" " ind2="0" tag="650">
      <subfield code="a">Monkeys</subfield>
      <subfield code="v">Juvenile fiction.</subfield>
   </datafield>
   <datafield ind1=" " ind2="0" tag="650">
      <subfield code="a">War stories.</subfield>
   </datafield>
   <datafield ind1=" " ind2="0" tag="655">
      <subfield code="a">Young adult fiction.</subfield>
   </datafield>
   <datafield ind1=" " ind2=" " tag="385">
      <subfield code="a">ge group</subfield>
      <subfield code="a">Early Adolescents</subfield>
      <subfield code="2">ericd</subfield>
   </datafield>
   <datafield ind1=" " ind2=" " tag="926">
      <subfield code="a">FIC KUR MON 2015</subfield>
      <subfield code="w">LC</subfield>
      <subfield code="c">1</subfield>
      <subfield code="i">34917001371827</subfield>
      <subfield code="l">CURRIC_YA</subfield>
      <subfield code="m">KEYANO</subfield>
      <subfield code="p">$19.94</subfield>
      <subfield code="r">Y</subfield>
      <subfield code="s">Y</subfield>
      <subfield code="t">CURR_BOOK</subfield>
      <subfield code="u">12/10/2014</subfield>
      <subfield code="o">.STAFF. Rec'd Jan/15 MW</subfield>
   </datafield>
   <datafield ind1=" " ind2=" " tag="926">
      <subfield code="a">PZ 7.1 K88 Mo 2015</subfield>
      <subfield code="w">LC</subfield>
      <subfield code="c">1</subfield>
      <subfield code="i">0162035228657</subfield>
      <subfield code="l">CURRICULUM</subfield>
      <subfield code="m">UAEDUC</subfield>
      <subfield code="p">$150.00</subfield>
      <subfield code="r">Y</subfield>
      <subfield code="s">Y</subfield>
      <subfield code="t">BOOK</subfield>
      <subfield code="u">1/30/2015</subfield>
   </datafield>
</record>
